@article{bose2006mobile,
  title={{On Mobile Viruses Exploiting Messaging and Bluetooth Services}},
  author={Bose, A. and Shin, K.G.},
  journal={Securecomm and Workshops, 2006},
  pages={1-10},
  year={2006}
}

@misc{cybercriminals2007banks,
title = {Cyber-criminals target mobile banking},
howpublished = "\url{http://www.v3.co.uk/vnunet/news/2173161/cyber-criminals-target-mobile}"
}

@misc{iphone2010seriot,
title = {{iPhone Privacy}},
howpublished = "\url{http://seriot.ch/resources/talks_papers/iPhonePrivacy.pdf}"
}

@misc{gartner2009virtual,
title = {{16 percent of workloads are running Virtual Machines}},
howpublished = "\url{http://www.gartner.com/it/page.jsp?id=1211813}"
}

@conference{cox2007pocket,
title={{Pocket Hypervisors: Opportunities and Challenges}},
author={Cox, LP and Chen, PM},
booktitle={Eighth IEEE Workshop on Mobile Computing Systems and Applications, 2007. HotMobile 2007},
pages={46-50},
year={2007}
}

@misc{vmware2009nextfrontier,
title= {{Mobile Phones, The Next Frontier}},
howpublished = "\url{http://blogs.vmware.com/console/2009/08/mobile-phones-the-next-frontier.html}"
}

@misc{androidsecurity,
title = {{Android Security and Permissions}},
howpublished = {\url{http://developer.android.com/guide/topics/security/security.html}}
}

@misc{kernel2009vulnerability,
title = {{Vulnerability Summary for CVE-2009-2692}},
howpublished = {\url{http://web.nvd.nist.gov/view/vuln/detail?vulnId=CVE-2009-2692}}
}

@misc{opencore2009android,
title = {{Vulnerability Summary for CVE-2009-0475}},
howpublished = {\url{http://web.nvd.nist.gov/view/vuln/detail?vulnId=CVE-2009-0475}}
}

@misc{sms2009iphone,
title = {{Vulnerability Summary for CVE-2009-2204}},
howpublished = {\url{http://web.nvd.nist.gov/view/vuln/detail?vulnId=CVE-2009-2204}}
}

@conference{clark2005live,
  title={{Live migration of virtual machines}},
  author={Clark, C. and Fraser, K. and Hand, S. and Hansen, J.G. and Jul, E. and Limpach, C. and Pratt, I. and Warfield, A.},
  booktitle={Proceedings of the 2nd conference on Symposium on Networked Systems Design \& Implementation-Volume 2},
  pages={286},
  year={2005},
  organization={USENIX Association}
}

@misc{kvm,
	author = "{Qumranet}",
	title = "{Kernel-Based Virtual Machine}",
	year = {2009},
	howpublished = {[Online]},
	note = {Available: \url{http://linux-kvm.org}}
}

@inproceedings{qemu,
 author = {Bellard,, Fabrice},
 title = "{QEMU, a fast and portable dynamic translator}",
 booktitle = "{ATEC '05: Proceedings of the annual conference on USENIX Annual Technical Conference}",
 year = {2005},
 pages = {41--41},
 location = {Anaheim, CA},
 publisher = "{USENIX Association}",
 address = {Berkeley, CA, USA},
 }

@misc{xen,
    author = {Paul Barham and Boris Dragovic and Keir Fraser and Steven Hand and Tim Harris and Alex Ho and Rolf Neugebauer and Ian Pratt and Andrew Warfield},
    title = {Xen and the Art of Virtualization},
    year = {2003}
}

@inproceedings{mobivmm,
 author = {Yoo, Seehwan and Liu, Yunxin and Hong, Cheol-Ho and Yoo, Chuck and Zhang, Yongguang},
 title = "{MobiVMM: a virtual machine monitor for mobile phones}",
 booktitle = "{MobiVirt '08: Proceedings of the First Workshop on Virtualization in Mobile Computing}",
 year = {2008},
 isbn = {978-1-60558-328-0},
 pages = {1--5},
 location = {Breckenridge, Colorado},
 doi = {http://doi.acm.org/10.1145/1622103.1622109},
 publisher = {ACM},
 address = {New York, NY, USA},
 }

@misc{mvp,
 author = {VMware},
 title = "{VMware MVP (Mobile Virtualization Platform)}",
 howpublished = {\url{http://www.vmware.com/products/mobile}},
 }

@misc{columbia,
 author = {Andreas Nilsson, Christoffer Dall, David Albert},
 title = "{Android Virtualization}",
 year = {2009},
 organization = {Columbia University},
 howpublished = {\url{http://www.chazy.dk/android-report.pdf}},
} 

@conference{grier2008secure,
  title={{Secure web browsing with the OP web browser}},
  author={Grier, C. and Tang, S. and King, S.T.},
  booktitle={Proceedings of the 2008 IEEE Symposium on Securiy and Privacy},
  year={2008}
}

@misc{okl4,
 author = {Open Kernel Labs},
 title = "{OKL4 Microvisor}",
 howpublished = {\url{http://www.ok-labs.com/products/okl4-microvisor}},
}

@misc{trustzone,
 author = {{ARM Ltd.}},
 title = "{ARM - TrustZone}",
 howpublished = {\url{http://www.arm.com/products/processors/technologies/trustzone.php}},
}

@misc{mariposa2009android,
  author = {{Pandora Research}},
  title = "{Vodafone distributes Mariposa botnet}",
  howpublished = {\url{http://research.pandasecurity.com/vodafone-distributes-mariposa}},
}

@misc{x_quote,
  howpublished = {\url{http://cgit.freedesktop.org/xorg/xserver/commit/?id=52bc6d944946e66ea2cc685feaeea40bb496ea83}},
}

@misc{x_glossary,
  howpublished = {\url{http://www.x.org/wiki/Development/Documentation/Glossary}},
}

@misc{sdl,
  howpublished = {\url{http://www.libsdl.org/}},
}

@misc{gles,
  howpublished = {\url{http://www.khronos.org/opengles/2_X/}},
}

@misc{rootless,
  howpublished = {\url{http://cgit.freedesktop.org/xorg/xserver/tree/miext/rootless/README.txt}},
}

@misc{notifications,
  howpublished = {\url{http://www.galago-project.org/specs/notification/0.9/index.html}},
}

@misc{jni,
  howpublished = {\url{http://java.sun.com/j2se/1.4.2/docs/guide/jni/index.html}},
}